@misc{NIST:DLMF,
         key = "{\relax DLMF}",
       title = "{NIST Digital Library of Mathematical Functions}",
howpublished = "http://dlmf.nist.gov/, Release 1.0.9 of 2014-08-29",
         url = "http://dlmf.nist.gov/",
        year = "2010",
        note = "Online companion to \cite{Olver:2010:NHMF}"}

@book{Olver:2010:NHMF,
      editor = "F.~W.~J. Olver and D.~W. Lozier and R.~F. Boisvert and C.~W. Clark",
       title = "{NIST Handbook of Mathematical Functions}",
   publisher = "Cambridge University Press",
     address = "New York, NY",
        year = "2010",
        note = "Print companion to \cite{NIST:DLMF}"}

@ARTICLE{1976JOSA...66..207N,
   author = {{Noll}, R.~J.},
    title = "{Zernike polynomials and atmospheric turbulence}",
  journal = {Journal of the Optical Society of America (1917-1983)},
 keywords = {Atmospheric Optics, Atmospheric Turbulence, Polynomials, Turbulence Effects, Wave Front Deformation, Aberration, Kolmogoroff Theory, Matrices (Mathematics), Optical Correction Procedure, Statistical Analysis},
     year = 1976,
    month = mar,
   volume = 66,
    pages = {207-211},
   adsurl = {http://adsabs.harvard.edu/abs/1976JOSA...66..207N},
  adsnote = {Provided by the SAO/NASA Astrophysics Data System}
}

@BOOK{2007tisp.book.....G,
   author = {{Gradshteyn}, I.~S. and {Ryzhik}, I.~M. and {Jeffrey}, A. and 
        {Zwillinger}, D.},
    title = "{Table of Integrals, Series, and Products}",
booktitle = {Table of Integrals, Series, and Products, Seventh Edition by I.~S.~Gradshteyn, I.~M.~Ryzhik, Alan Jeffrey, and Daniel Zwillinger.~Elsevier Academic Press, 2007.~ISBN 012-373637-4},
     year = 2007,
   adsurl = {http://adsabs.harvard.edu/abs/2007tisp.book.....G},
  adsnote = {Provided by the SAO/NASA Astrophysics Data System}
}

@ARTICLE{kasdin_falpha,
author={Kasdin, N.J.},
journal={Proceedings of the IEEE},
title={Discrete simulation of colored noise and stochastic processes and 1/f alpha; power law noise generation},
year={1995},
month={May},
volume={83},
number={5},
pages={802-827},
keywords={1/f noise;Runge-Kutta methods;differential equations;discrete event simulation;real-time systems;stochastic processes;1/fÎ± power law noise generation;Runge-Kutta method;approximate techniques;autocorrelation function;autospectral density;colored noise;computer generating sequences;continuous noise processes simulation;digital model;digital sequences of noise;discrete simulation;power law;real time simulation;spectral estimation;stochastic processes;Autocorrelation;Colored noise;Computational modeling;Differential equations;Noise generators;Power generation;Power system modeling;Sequences;Stochastic processes;Stochastic resonance},
doi={10.1109/5.381848},
ISSN={0018-9219}
}

@ARTICLE{2007ApJ...669..642S,
   author = {{Soummer}, R. and {Ferrari}, A. and {Aime}, C. and {Jolissaint}, L.
	},
    title = "{Speckle Noise and Dynamic Range in Coronagraphic Images}",
  journal = {\apj},
archivePrefix = "arXiv",
   eprint = {0706.1739},
 keywords = {Instrumentation: Adaptive Optics, Instrumentation: High Angular Resolution},
     year = 2007,
    month = nov,
   volume = 669,
    pages = {642-656},
      doi = {10.1086/520913},
   adsurl = {http://adsabs.harvard.edu/abs/2007ApJ...669..642S},
  adsnote = {Provided by the SAO/NASA Astrophysics Data System}
}

@ARTICLE{2001ApJ...558L..71B,
       author = {{Bloemhof}, E.~E. and {Dekany}, R.~G. and {Troy}, M. and
         {Oppenheimer}, B.~R.},
        title = "{Behavior of Remnant Speckles in an Adaptively Corrected Imaging System}",
      journal = {\apjl},
     keywords = {Instrumentation: Adaptive Optics, Turbulence},
         year = 2001,
        month = sep,
       volume = {558},
       number = {1},
        pages = {L71-L74},
          doi = {10.1086/323494},
       adsurl = {https://ui.adsabs.harvard.edu/abs/2001ApJ...558L..71B},
      adsnote = {Provided by the SAO/NASA Astrophysics Data System}
}

@ARTICLE{2018JATIS...4a9001M,
       author = {{Males}, Jared R. and {Guyon}, Olivier},
        title = "{Ground-based adaptive optics coronagraphic performance under closed-loop predictive control}",
      journal = {Journal of Astronomical Telescopes, Instruments, and Systems},
     keywords = {Astrophysics - Instrumentation and Methods for Astrophysics, Astrophysics - Earth and Planetary Astrophysics},
         year = 2018,
        month = jan,
       volume = {4},
          eid = {019001},
        pages = {019001},
          doi = {10.1117/1.JATIS.4.1.019001},
archivePrefix = {arXiv},
       eprint = {1712.07189},
 primaryClass = {astro-ph.IM},
       adsurl = {https://ui.adsabs.harvard.edu/abs/2018JATIS...4a9001M},
      adsnote = {Provided by the SAO/NASA Astrophysics Data System}
}

@incollection{1999aoa..book.....R_ch6,
  author={{Madec}, P.-Y.},
  year= 1999, 
  title={Control techniques}, 
  editor = {{Roddier}, F.}, 
  booktitle= {Adaptive Optics in Astronomy}, 
}

@ARTICLE{2016ApOpt..55..323P,
   author = {{Poyneer}, L.~A. and {Palmer}, D.~W. and {Macintosh}, B. and 
	{Savransky}, D. and {Sadakuni}, N. and {Thomas}, S. and {V{\'e}ran}, J.-P. and 
	{Follette}, K.~B. and {Greenbaum}, A.~Z. and {Mark Ammons}, S. and 
	{Bailey}, V.~P. and {Bauman}, B. and {Cardwell}, A. and {Dillon}, D. and 
	{Gavel}, D. and {Hartung}, M. and {Hibon}, P. and {Perrin}, M.~D. and 
	{Rantakyr{\"o}}, F.~T. and {Sivaramakrishnan}, A. and {Wang}, J.~J.
	},
    title = "{Performance of the Gemini Planet Imager's adaptive optics system}",
  journal = {Appl. Optics},
     year = 2016,
    month = jan,
   volume = 55,
    pages = {323},
      doi = {10.1364/AO.55.000323},
   adsurl = {http://adsabs.harvard.edu/abs/2016ApOpt..55..323P},
  adsnote = {Provided by the SAO/NASA Astrophysics Data System}
}

@ARTICLE{2005ApJ...629..592G,
   author = {{Guyon}, O.},
    title = "{Limits of Adaptive Optics for High-Contrast Imaging}",
  journal = {ApJ},
   eprint = {astro-ph/0505086},
 keywords = {Instrumentation: Adaptive Optics, Instrumentation: Interferometers, Methods: Data Analysis, Techniques: High Anular Resolution, Techniques: Interferometric},
     year = 2005,
    month = aug,
   volume = 629,
    pages = {592-614},
      doi = {10.1086/431209},
   adsurl = {http://adsabs.harvard.edu/abs/2005ApJ...629..592G},
  adsnote = {Provided by the SAO/NASA Astrophysics Data System}
}

@ARTICLE{2020arXiv200110200S,
       author = {{Seilmayer}, Martin and {Garcia Gonzalez}, Ferran and {Wondrak}, Thomas},
        title = "{The Multivariate Extension of the Lomb-Scargle Method}",
      journal = {arXiv e-prints},
     keywords = {Statistics - Methodology, Astrophysics - Instrumentation and Methods for Astrophysics},
         year = 2020,
        month = jan,
          eid = {arXiv:2001.10200},
        pages = {arXiv:2001.10200},
archivePrefix = {arXiv},
       eprint = {2001.10200},
 primaryClass = {stat.ME},
       adsurl = {https://ui.adsabs.harvard.edu/abs/2020arXiv200110200S},
      adsnote = {Provided by the SAO/NASA Astrophysics Data System}
}

@INPROCEEDINGS{2005SPIE.5903..170M,
       author = {{Macintosh}, Bruce and {Poyneer}, Lisa and {Sivaramakrishnan}, Anand and {Marois}, Christian},
        title = "{Speckle lifetimes in high-contrast adaptive optics}",
    booktitle = {Astronomical Adaptive Optics Systems and Applications II},
         year = 2005,
       editor = {{Tyson}, Robert K. and {Lloyd-Hart}, Michael},
       series = {Society of Photo-Optical Instrumentation Engineers (SPIE) Conference Series},
       volume = {5903},
        month = aug,
        pages = {170-177},
          doi = {10.1117/12.627854},
       adsurl = {https://ui.adsabs.harvard.edu/abs/2005SPIE.5903..170M},
      adsnote = {Provided by the SAO/NASA Astrophysics Data System}
}

@ARTICLE{1986JOSAA...3.1001A,
   author = {{Aime}, C. and {Borgnino}, J. and {Martin}, F. and {Petrov}, R. and 
        {Ricort}, G.},
    title = "{Contribution to the space-time study of stellar speckle patterns}",
  journal = {Journal of the Optical Society of America A},
 keywords = {Astronomy, Image Motion Compensation, Interferometry, Power Spectra, Speckle Patterns, Temporal Resolution, Atmospheric Optics, Atmospheric Turbulence, Correlation, Double Stars, Exponential Functions, Statistical Analysis, Time Constant},
     year = 1986,
    month = jul,
   volume = 3,
    pages = {1001-1009},
      doi = {10.1364/JOSAA.3.001001},
   adsurl = {http://adsabs.harvard.edu/abs/1986JOSAA...3.1001A},
  adsnote = {Provided by the SAO/NASA Astrophysics Data System}
}

@ARTICLE{2006ApJ...637..541F,
   author = {{Fitzgerald}, M.~P. and {Graham}, J.~R.},
    title = "{Speckle Statistics in Adaptively Corrected Images}",
  journal = {\apj},
   eprint = {astro-ph/0510503},
 keywords = {Atmospheric Effects, Instrumentation: Adaptive Optics, Techniques: High Anular Resolution, Techniques: Image Processing},
     year = 2006,
    month = jan,
   volume = 637,
    pages = {541-547},
      doi = {10.1086/498339},
   adsurl = {http://adsabs.harvard.edu/abs/2006ApJ...637..541F},
  adsnote = {Provided by the SAO/NASA Astrophysics Data System}
}

@ARTICLE{2006OExpr..14.7499P,
       author = {{Poyneer}, Lisa A. and {Macintosh}, Bruce A.},
        title = "{Optimal Fourier control performance and speckle behavior in high-contrast imaging with adaptive optics}",
      journal = {Optics Express},
         year = 2006,
        month = aug,
       volume = {14},
       number = {17},
        pages = {7499},
          doi = {10.1364/OE.14.007499},
       adsurl = {https://ui.adsabs.harvard.edu/abs/2006OExpr..14.7499P},
      adsnote = {Provided by the SAO/NASA Astrophysics Data System}
}

@ARTICLE{2007JOSAA..24.2645P,
   author = {{Poyneer}, L.~A. and {Macintosh}, B.~A. and {V{\'e}ran}, J.-P.
        },
    title = "{Fourier transform wavefront control with adaptive prediction of the atmosphere}",
  journal = {Journal of the Optical Society of America A},
     year = 2007,
   volume = 24,
    pages = {2645},
      doi = {10.1364/JOSAA.24.002645},
   adsurl = {http://adsabs.harvard.edu/abs/2007JOSAA..24.2645P},
  adsnote = {Provided by the SAO/NASA Astrophysics Data System}
}

@ARTICLE{1982JOpt...13..263R,
       author = {{Roddier}, F. and {Gilli}, J.~M. and {Lund}, G.},
        title = "{On the origin of speckle boiling and its effects in stellar speckle interferometry.}",
      journal = {Journal of Optics},
     keywords = {Atmospheric Optics, Atmospheric Turbulence, Interferometry, Speckle Patterns, Stellar Spectra, Adaptive Optics, Atmospheric Sounding, Environment Simulation, Michelson Interferometers, Astronomy, Speckle Interferometry:Stars, Stars:Speckle Interferometry},
         year = 1982,
        month = oct,
       volume = {13},
        pages = {263-271},
          doi = {10.1088/0150-536X/13/5/002},
       adsurl = {https://ui.adsabs.harvard.edu/abs/1982JOpt...13..263R},
      adsnote = {Provided by the SAO/NASA Astrophysics Data System}
}

@ARTICLE{1990JMOp...37.1247D,
       author = {{Dainty}, J.~C. and {Northcott}, M.~J. and {Qu}, D.~N.},
        title = "{Measurements of the temporal correlation of images at La Palma.}",
      journal = {Journal of Modern Optics},
     keywords = {Seeing: Earth Atmosphere},
         year = 1990,
        month = jul,
       volume = {37},
       number = {7},
        pages = {1247-1254},
          doi = {10.1080/09500349014551321},
       adsurl = {https://ui.adsabs.harvard.edu/abs/1990JMOp...37.1247D},
      adsnote = {Provided by the SAO/NASA Astrophysics Data System}
}

@ARTICLE{1978ApOpt..17.3779S,
       author = {{Scaddan}, R.~J. and {Walker}, J.~G.},
        title = "{Statistics of stellar speckle patterns.}",
      journal = {\ao},
     keywords = {Astronomical Photometry, Atmospheric Turbulence, Interferometry, Photons, Speckle Patterns, Turbulence Effects, Autocorrelation, Bandwidth, Stellar Luminosity, Telescopes, Zenith, Astronomy, Speckle Interferometry},
         year = 1978,
        month = dec,
       volume = {17},
        pages = {3779-3784},
          doi = {10.1364/AO.17.003779},
       adsurl = {https://ui.adsabs.harvard.edu/abs/1978ApOpt..17.3779S},
      adsnote = {Provided by the SAO/NASA Astrophysics Data System}
}

@ARTICLE{1999PASP..111..587R,
       author = {{Racine}, Ren{\'e} and {Walker}, Gordon A.~H. and {Nadeau}, Daniel and {Doyon}, Ren{\'e} and {Marois}, Christian},
        title = "{Speckle Noise and the Detection of Faint Companions}",
      journal = {\pasp},
     keywords = {TECHNIQUES: IMAGE PROCESSING},
         year = 1999,
        month = may,
       volume = {111},
       number = {759},
        pages = {587-594},
          doi = {10.1086/316367},
       adsurl = {https://ui.adsabs.harvard.edu/abs/1999PASP..111..587R},
      adsnote = {Provided by the SAO/NASA Astrophysics Data System}
}

@ARTICLE{2018PASP..130j4502G,
       author = {{Goebel}, Sean B. and {Guyon}, Olivier and {Hall}, Donald N.~B. and {Jovanovic}, Nemanja and {Lozi}, Julien and {Martinache}, Frantz},
        title = "{Measurements of Speckle Lifetimes in Near-infrared Extreme Adaptive Optics Images for Optimizing Focal Plane Wavefront Control}",
      journal = {\pasp},
         year = 2018,
        month = oct,
       volume = {130},
       number = {992},
        pages = {104502},
          doi = {10.1088/1538-3873/aad8ed},
       adsurl = {https://ui.adsabs.harvard.edu/abs/2018PASP..130j4502G},
      adsnote = {Provided by the SAO/NASA Astrophysics Data System}
}

@INPROCEEDINGS{2016SPIE.9909E..4ZM,
       author = {{Milli}, J. and {Banas}, T. and {Mouillet}, D. and {Mawet}, D. and {Girard}, J.~H. and {Vigan}, A. and {Boccaletti}, A. and {Kasper}, M. and {Wahhaj}, Zahed and {Lagrange}, A.~M. and {Beuzit}, J. -L. and {Fusco}, T. and {Sauvage}, J. -F. and {Galicher}, R.},
        title = "{Speckle lifetime in XAO coronagraphic images: temporal evolution of SPHERE coronagraphic images}",
     keywords = {Astrophysics - Instrumentation and Methods for Astrophysics},
    booktitle = {Adaptive Optics Systems V},
         year = 2016,
       editor = {{Marchetti}, Enrico and {Close}, Laird M. and {V{\'e}ran}, Jean-Pierre},
       series = {Society of Photo-Optical Instrumentation Engineers (SPIE) Conference Series},
       volume = {9909},
        month = jul,
          eid = {99094Z},
        pages = {99094Z},
          doi = {10.1117/12.2231703},
archivePrefix = {arXiv},
       eprint = {1608.02149},
 primaryClass = {astro-ph.IM},
       adsurl = {https://ui.adsabs.harvard.edu/abs/2016SPIE.9909E..4ZM},
      adsnote = {Provided by the SAO/NASA Astrophysics Data System}
}

@ARTICLE{2017JATIS...3b5001S,
       author = {{Stangalini}, Marco and {Pedichini}, Fernando and {Pinna}, Enrico and {Christou}, Julian and {Hill}, John and {Puglisi}, Alfio and {Bailey}, Vanessa and {Centrone}, Mauro and {Del Moro}, Dario and {Esposito}, Simone and {Fiore}, Fabrizio and {Giallongo}, Emanuele and {Hinz}, Phil and {Vaz}, Amali},
        title = "{Speckle statistics in adaptive optics images at visible wavelengths}",
      journal = {Journal of Astronomical Telescopes, Instruments, and Systems},
         year = 2017,
        month = apr,
       volume = {3},
          eid = {025001},
        pages = {025001},
          doi = {10.1117/1.JATIS.3.2.025001},
       adsurl = {https://ui.adsabs.harvard.edu/abs/2017JATIS...3b5001S},
      adsnote = {Provided by the SAO/NASA Astrophysics Data System}
}

@ARTICLE{2007ApJ...654..633H,
       author = {{Hinkley}, Sasha and {Oppenheimer}, Ben R. and {Soummer}, R{\'e}mi and {Sivaramakrishnan}, Anand and {Roberts}, Lewis C., Jr. and {Kuhn}, Jeffrey and {Makidon}, Russell B. and {Perrin}, Marshall D. and {Lloyd}, James P. and {Kratter}, Kaitlin and {Brenner}, Douglas},
        title = "{Temporal Evolution of Coronagraphic Dynamic Range and Constraints on Companions to Vega}",
      journal = {\apj},
     keywords = {Instrumentation: Adaptive Optics, Methods: Data Analysis, stars: individual (HD 160346), stars: individual (HD 172167), Techniques: Image Processing, Astrophysics},
         year = 2007,
        month = jan,
       volume = {654},
       number = {1},
        pages = {633-640},
          doi = {10.1086/509063},
archivePrefix = {arXiv},
       eprint = {astro-ph/0609337},
 primaryClass = {astro-ph},
       adsurl = {https://ui.adsabs.harvard.edu/abs/2007ApJ...654..633H},
      adsnote = {Provided by the SAO/NASA Astrophysics Data System}
}

@ARTICLE{2017PASP..129i5002S,
       author = {{Singh}, Garima and {Lozi}, Julien and {Jovanovic}, Nemanja and {Guyon}, Olivier and {Baudoz}, Pierre and {Martinache}, Frantz and {Kudo}, Tomoyuki},
        title = "{A Demonstration of a Versatile Low-order Wavefront Sensor Tested on Multiple Coronographs}",
      journal = {\pasp},
         year = 2017,
        month = sep,
       volume = {129},
       number = {979},
        pages = {095002},
          doi = {10.1088/1538-3873/aa76c1},
       adsurl = {https://ui.adsabs.harvard.edu/abs/2017PASP..129i5002S},
      adsnote = {Provided by the SAO/NASA Astrophysics Data System}
}

@ARTICLE{2020A&A...638A.117P,
       author = {{Potier}, A. and {Galicher}, R. and {Baudoz}, P. and {Huby}, E. and {Milli}, J. and {Wahhaj}, Z. and {Boccaletti}, A. and {Vigan}, A. and {N'Diaye}, M. and {Sauvage}, J. -F.},
        title = "{Increasing the raw contrast of VLT/SPHERE with the dark hole technique. I. Simulations and validation on the internal source}",
      journal = {\aap},
     keywords = {instrumentation: adaptive optics, instrumentation: high angular resolution, techniques: high angular resolution, Astrophysics - Instrumentation and Methods for Astrophysics},
         year = 2020,
        month = jun,
       volume = {638},
          eid = {A117},
        pages = {A117},
          doi = {10.1051/0004-6361/202038010},
archivePrefix = {arXiv},
       eprint = {2005.02179},
 primaryClass = {astro-ph.IM},
       adsurl = {https://ui.adsabs.harvard.edu/abs/2020A&A...638A.117P},
      adsnote = {Provided by the SAO/NASA Astrophysics Data System}
}

@ARTICLE{2012A&A...541A.136M,
       author = {{Martinez}, P. and {Loose}, C. and {Aller Carpentier}, E. and {Kasper}, M.},
        title = "{Speckle temporal stability in XAO coronagraphic images}",
      journal = {\aap},
     keywords = {instrumentation: high angular resolution, methods: laboratory, techniques: high angular resolution, Astrophysics - Instrumentation and Methods for Astrophysics},
         year = 2012,
        month = may,
       volume = {541},
          eid = {A136},
        pages = {A136},
          doi = {10.1051/0004-6361/201118459},
archivePrefix = {arXiv},
       eprint = {1203.4931},
 primaryClass = {astro-ph.IM},
       adsurl = {https://ui.adsabs.harvard.edu/abs/2012A&A...541A.136M},
      adsnote = {Provided by the SAO/NASA Astrophysics Data System}
}

@ARTICLE{2006ApJ...641..556M,
       author = {{Marois}, Christian and {Lafreni{\`e}re}, David and {Doyon}, Ren{\'e} and {Macintosh}, Bruce and {Nadeau}, Daniel},
        title = "{Angular Differential Imaging: A Powerful High-Contrast Imaging Technique}",
      journal = {\apj},
     keywords = {Instrumentation: Adaptive Optics, Stars: Planetary Systems, Stars: Imaging, Astrophysics},
         year = 2006,
        month = apr,
       volume = {641},
       number = {1},
        pages = {556-564},
          doi = {10.1086/500401},
archivePrefix = {arXiv},
       eprint = {astro-ph/0512335},
 primaryClass = {astro-ph},
       adsurl = {https://ui.adsabs.harvard.edu/abs/2006ApJ...641..556M},
      adsnote = {Provided by the SAO/NASA Astrophysics Data System}
}

@ARTICLE{2021A&A...646A..24S,
       author = {{Samland}, M. and {Bouwman}, J. and {Hogg}, D.~W. and {Brandner}, W. and {Henning}, T. and {Janson}, M.},
        title = "{TRAP: a temporal systematics model for improved direct detection of exoplanets at small angular separations}",
      journal = {\aap},
     keywords = {planets and satellites: detection, methods: data analysis, techniques: high angular resolution, techniques: image processing, Astrophysics - Earth and Planetary Astrophysics, Astrophysics - Instrumentation and Methods for Astrophysics},
         year = 2021,
        month = feb,
       volume = {646},
          eid = {A24},
        pages = {A24},
          doi = {10.1051/0004-6361/201937308},
archivePrefix = {arXiv},
       eprint = {2011.12311},
 primaryClass = {astro-ph.EP},
       adsurl = {https://ui.adsabs.harvard.edu/abs/2021A&A...646A..24S},
      adsnote = {Provided by the SAO/NASA Astrophysics Data System}
}

@ARTICLE{2010A&A...509A..31G,
       author = {{Galicher}, R. and {Baudoz}, P. and {Rousset}, G. and {Totems}, J. and {Mas}, M.},
        title = "{Self-coherent camera as a focal plane wavefront sensor: simulations}",
      journal = {\aap},
     keywords = {instrumentation: high angular resolution, instrumentation: interferometers, instrumentation: adaptive optics, techniques: image processing, techniques: high angular resolution, Astrophysics - Instrumentation and Methods for Astrophysics, Astrophysics - Earth and Planetary Astrophysics},
         year = 2010,
        month = jan,
       volume = {509},
          eid = {A31},
        pages = {A31},
          doi = {10.1051/0004-6361/200912902},
archivePrefix = {arXiv},
       eprint = {0911.2465},
 primaryClass = {astro-ph.IM},
       adsurl = {https://ui.adsabs.harvard.edu/abs/2010A&A...509A..31G},
      adsnote = {Provided by the SAO/NASA Astrophysics Data System}
}

@ARTICLE{2018ARAA..56..315G,
       author = {{Guyon}, Olivier},
        title = "{Extreme Adaptive Optics}",
      journal = {\araa},
         year = 2018,
        month = sep,
       volume = {56},
        pages = {315-355},
          doi = {10.1146/annurev-astro-081817-052000},
       adsurl = {https://ui.adsabs.harvard.edu/abs/2018ARA&A..56..315G},
      adsnote = {Provided by the SAO/NASA Astrophysics Data System}
}

@ARTICLE{1995PASP..107..386M,
   author = {{Malbet}, F. and {Yu}, J.~W. and {Shao}, M.},
    title = "{High-Dynamic-Range Imaging Using a Deformable Mirror for Space Coronography}",
  journal = {PASP},
   eprint = {astro-ph/9502042},
 keywords = {TECHNIQUES: IMAGE PROCESSING, METHODS: NUMERICAL},
     year = 1995,
    month = apr,
   volume = 107,
    pages = {386},
      doi = {10.1086/133563},
   adsurl = {http://adsabs.harvard.edu/abs/1995PASP..107..386M},
  adsnote = {Provided by the SAO/NASA Astrophysics Data System}
}

@ARTICLE{2003ApJ...596..702P,
   author = {{Perrin}, M.~D. and {Sivaramakrishnan}, A. and {Makidon}, R.~B. and 
	{Oppenheimer}, B.~R. and {Graham}, J.~R.},
    title = "{The Structure of High Strehl Ratio Point-Spread Functions}",
  journal = {ApJ},
   eprint = {astro-ph/0306468},
 keywords = {Stars: Circumstellar Matter, Instrumentation: Adaptive Optics, Methods: Analytical, Methods: Numerical, Stars: Planetary Systems, Techniques: Image Processing},
     year = 2003,
    month = oct,
   volume = 596,
    pages = {702-712},
      doi = {10.1086/377689},
   adsurl = {http://adsabs.harvard.edu/abs/2003ApJ...596..702P},
  adsnote = {Provided by the SAO/NASA Astrophysics Data System}
}

@ARTICLE{2021arXiv210307566H,
       author = {{Haffert}, Sebastiaan Y. and {Males}, Jared R. and {Close}, Laird M. and {Van Gorkom}, Kyle and {Long}, Joseph D. and {Hedglen}, Alexander D. and {Guyon}, Olivier and {Schatz}, Lauren and {Kautz}, Maggie and {Lumbres}, Jennifer and {Rodack}, Alex and {Knight}, Justin M. and {Sun}, He and {Fogarty}, Kevin},
        title = "{Data-driven subspace predictive control of adaptive optics for high-contrast imaging}",
      journal = {arXiv e-prints},
     keywords = {Astrophysics - Instrumentation and Methods for Astrophysics},
         year = 2021,
        month = mar,
          eid = {arXiv:2103.07566},
        pages = {arXiv:2103.07566},
archivePrefix = {arXiv},
       eprint = {2103.07566},
 primaryClass = {astro-ph.IM},
       adsurl = {https://ui.adsabs.harvard.edu/abs/2021arXiv210307566H},
      adsnote = {Provided by the SAO/NASA Astrophysics Data System}
}

@ARTICLE{2017JOSAA..34.1877C,
   author = {{Correia}, C.~M. and {Bond}, C.~Z. and {Sauvage}, J.-F. and 
	{Fusco}, T. and {Conan}, R. and {Wizinowich}, P.~L.},
    title = "{Modeling astronomical adaptive optics performance with temporally filtered Wiener reconstruction of slope data}",
  journal = {Journal of the Optical Society of America A},
archivePrefix = "arXiv",
   eprint = {1709.05090},
 primaryClass = "astro-ph.IM",
     year = 2017,
    month = oct,
   volume = 34,
    pages = {1877},
      doi = {10.1364/JOSAA.34.001877},
   adsurl = {http://adsabs.harvard.edu/abs/2017JOSAA..34.1877C},
  adsnote = {Provided by the SAO/NASA Astrophysics Data System}
}

@ARTICLE{2008ApJ...673..647M,
       author = {{Marois}, Christian and {Lafreni{\`e}re}, David and {Macintosh}, Bruce and {Doyon}, Ren{\'e}},
        title = "{Confidence Level and Sensitivity Limits in High-Contrast Imaging}",
      journal = {\apj},
     keywords = {instrumentation: adaptive optics, instrumentation: high angular resolution, methods: data analysis, methods: statistical, planetary systems, stars: imaging, stars: low-mass, brown dwarfs, techniques: image processing, Astrophysics},
         year = 2008,
        month = jan,
       volume = {673},
       number = {1},
        pages = {647-656},
          doi = {10.1086/523839},
archivePrefix = {arXiv},
       eprint = {0709.3548},
 primaryClass = {astro-ph},
       adsurl = {https://ui.adsabs.harvard.edu/abs/2008ApJ...673..647M},
      adsnote = {Provided by the SAO/NASA Astrophysics Data System}
}

@misc{NIST:DLMF,
         key = "{\relax DLMF}",
       title = "{NIST Digital Library of Mathematical Functions}",
howpublished = "http://dlmf.nist.gov/, Release 1.0.9 of 2014-08-29",
         url = "http://dlmf.nist.gov/",
        year = "2010",
        note = "Online companion to \cite{Olver:2010:NHMF}"}
        

@INPROCEEDINGS{2020SPIE11448E..4LM,
       author = {{Males}, Jared R. and {Close}, Laird M. and {Guyon}, Olivier and {Hedglen}, Alexander D. and {Van Gorkom}, Kyle and {Long}, Joseph D. and {Kautz}, Maggie and {Lumbres}, Jennifer and {Schatz}, Lauren and {Rodack}, Alexander and {Miller}, Kelsey and {Doelman}, David and {Snik}, Frans and {Bos}, Steven and {Knight}, Justin M. and {Morzinski}, Katie and {Gasho}, Victor and {Keller}, Christoph and {Haffert}, Sebastiaan and {Pearce}, Logan},
        title = "{MagAO-X first light}",
    booktitle = {Society of Photo-Optical Instrumentation Engineers (SPIE) Conference Series},
         year = 2020,
       series = {Society of Photo-Optical Instrumentation Engineers (SPIE) Conference Series},
       volume = {11448},
        month = dec,
          eid = {114484L},
        pages = {114484L},
          doi = {10.1117/12.2561682},
       adsurl = {https://ui.adsabs.harvard.edu/abs/2020SPIE11448E..4LM},
      adsnote = {Provided by the SAO/NASA Astrophysics Data System}
}

@ARTICLE{2019PASP..131k4506W,
       author = {{Walter}, Alex B. and {Bockstiegel}, Clinton and {Brandt}, Timothy D. and {Mazin}, Benjamin A.},
        title = "{Stochastic Speckle Discrimination with Time-tagged Photon Lists: Digging below the Speckle Noise Floor}",
      journal = {\pasp},
     keywords = {Astrophysics - Instrumentation and Methods for Astrophysics, Astrophysics - Earth and Planetary Astrophysics},
         year = 2019,
        month = nov,
       volume = {131},
       number = {1005},
        pages = {114506},
          doi = {10.1088/1538-3873/ab389a},
archivePrefix = {arXiv},
       eprint = {1906.03354},
 primaryClass = {astro-ph.IM},
       adsurl = {https://ui.adsabs.harvard.edu/abs/2019PASP..131k4506W},
      adsnote = {Provided by the SAO/NASA Astrophysics Data System}
}

@ARTICLE{2021arXiv210306898S,
       author = {{Steiger}, Sarah and {Currie}, Thayne and {Brandt}, Timothy D. and {Guyon}, Olivier and {Kuzuhara}, Masayuki and {Chilcote}, Jeffrey and {Groff}, Tyler D. and {Lozi}, Julien and {Walter}, Alexander B. and {Fruitwala}, Neelay and {Bailey}, John I., III and {Zobrist}, Nicholas and {Swimmer}, Noah and {Lipartito}, Isabel and {Smith}, Jennifer Pearl and {Bockstiegel}, Clint and {Meeker}, Seth R. and {Coiffard}, Gregoire and {Dodkins}, Rupert and {Szypryt}, Paul and {Davis}, Kristina K. and {Daal}, Miguel and {Bumble}, Bruce and {Vievard}, Sebastien and {Sahoo}, Ananya and {Deo}, Vincent and {Jovanovic}, Nemanja and {Martinache}, Frantz and {Tamura}, Motohide and {Kasdin}, N. Jeremy and {Mazin}, Benjamin A.},
        title = "{SCExAO/MEC and CHARIS Discovery of a Low Mass, 6 AU-Separation Companion to HIP 109427 using Stochastic Speckle Discrimination and High-Contrast Spectroscopy}",
      journal = {arXiv e-prints},
     keywords = {Astrophysics - Solar and Stellar Astrophysics, Astrophysics - Earth and Planetary Astrophysics, Astrophysics - Instrumentation and Methods for Astrophysics},
         year = 2021,
        month = mar,
          eid = {arXiv:2103.06898},
        pages = {arXiv:2103.06898},
archivePrefix = {arXiv},
       eprint = {2103.06898},
 primaryClass = {astro-ph.SR},
       adsurl = {https://ui.adsabs.harvard.edu/abs/2021arXiv210306898S},
      ad
      snote = {Provided by the SAO/NASA Astrophysics Data System}
}
@ARTICLE{2017MNRAS.467L.105H,
       author = {{Herscovici-Schiller}, Olivier and {Mugnier}, Laurent M. and {Sauvage}, Jean-Fran{\c{c}}ois},
        title = "{An analytic expression for coronagraphic imaging through turbulence. Application to on-sky coronagraphic phase diversity}",
      journal = {\mnras},
     keywords = {turbulence, instrumentation: adaptive optics, methods: analytical, methods: data analysis, techniques: high angular resolution, techniques: image processing, Astrophysics - Instrumentation and Methods for Astrophysics, Physics - Optics},
         year = 2017,
        month = may,
       volume = {467},
       number = {1},
        pages = {L105-L109},
          doi = {10.1093/mnrasl/slx009},
archivePrefix = {arXiv},
       eprint = {1701.08633},
 primaryClass = {astro-ph.IM},
       adsurl = {https://ui.adsabs.harvard.edu/abs/2017MNRAS.467L.105H},
      adsnote = {Provided by the SAO/NASA Astrophysics Data System}
}

@ARTICLE{2006A&A...447..397C,
       author = {{Cavarroc}, C. and {Boccaletti}, A. and {Baudoz}, P. and {Fusco}, T. and {Rouan}, D.},
        title = "{Fundamental limitations on Earth-like planet detection with extremely large telescopes}",
      journal = {\aap},
     keywords = {techniques: high angular resolution, instrumentation: adaptive optics, stars: imaging, stars: planetary systems, Astrophysics},
         year = 2006,
        month = feb,
       volume = {447},
       number = {1},
        pages = {397-403},
          doi = {10.1051/0004-6361:20053916},
archivePrefix = {arXiv},
       eprint = {astro-ph/0509713},
 primaryClass = {astro-ph},
       adsurl = {https://ui.adsabs.harvard.edu/abs/2006A&A...447..397C},
      adsnote = {Provided by the SAO/NASA Astrophysics Data System}
}

@ARTICLE{1993JOSAA..10.1996R,
       author = {{Roggemann}, M.~C. and {Meinhardt}, J.~A.},
        title = "{Image reconstruction by means of wave-front sensor measurements in closed-loop adaptive-optics systems.}",
      journal = {Journal of the Optical Society of America A},
         year = 1993,
        month = sep,
       volume = {10},
       number = {9},
        pages = {1996-2007},
          doi = {10.1364/JOSAA.10.001996},
       adsurl = {https://ui.adsabs.harvard.edu/abs/1993JOSAA..10.1996R},
      adsnote = {Provided by the SAO/NASA Astrophysics Data System}
}

@ARTICLE{1997JOSAA..14.3057V,
       author = {{Veran}, J. -P. and {Rigaut}, F. and {Maitre}, H. and {Rouan}, D.},
        title = "{Estimation of the adaptive optics long-exposure point-spread function using control loop data.}",
      journal = {Journal of the Optical Society of America A},
     keywords = {Image Processing: Adaptive Optics},
         year = 1997,
        month = nov,
       volume = {14},
       number = {11},
        pages = {3057-3069},
          doi = {10.1364/JOSAA.14.003057},
       adsurl = {https://ui.adsabs.harvard.edu/abs/1997JOSAA..14.3057V},
      adsnote = {Provided by the SAO/NASA Astrophysics Data System}
}

@ARTICLE{2006A&A...457..359G,
       author = {{Gendron}, E. and {Cl{\'e}net}, Y. and {Fusco}, T. and {Rousset}, G.},
        title = "{New algorithms for adaptive optics point-spread function reconstruction}",
      journal = {\aap},
     keywords = {techniques: high angular resolution, methods: numerical, Astrophysics},
         year = 2006,
        month = oct,
       volume = {457},
       number = {1},
        pages = {359-363},
          doi = {10.1051/0004-6361:20065135},
archivePrefix = {arXiv},
       eprint = {astro-ph/0606681},
 primaryClass = {astro-ph},
       adsurl = {https://ui.adsabs.harvard.edu/abs/2006A&A...457..359G},
      adsnote = {Provided by the SAO/NASA Astrophysics Data System}
}

@INPROCEEDINGS{2020SPIE11448E..0AB,
       author = {{Beltramo-Martin}, O. and {Ragland}, S. and {F{\'e}tick}, R. and {Correia}, C. and {Dupuy}, T. and {Fiorentino}, G. and {Fusco}, T. and {Jolissaint}, L. and {Kamann}, S. and {Marasco}, A. and {Massari}, D. and {Neichel}, B. and {Schreiber}, L. and {Wizinowich}, P.},
        title = "{Review of PSF reconstruction methods and application to post-processing}",
    booktitle = {Society of Photo-Optical Instrumentation Engineers (SPIE) Conference Series},
         year = 2020,
       series = {Society of Photo-Optical Instrumentation Engineers (SPIE) Conference Series},
       volume = {11448},
        month = dec,
          eid = {114480A},
        pages = {114480A},
          doi = {10.1117/12.2560805},
       adsurl = {https://ui.adsabs.harvard.edu/abs/2020SPIE11448E..0AB},
      adsnote = {Provided by the SAO/NASA Astrophysics Data System}
}

@ARTICLE{2010JOSAA..27A.157S,
       author = {{Sauvage}, J. -F. and {Mugnier}, L.~M. and {Rousset}, G. and {Fusco}, T.},
        title = "{Analytical expression of long-exposure adaptive-optics-corrected coronagraphic image First application to exoplanet detection}",
      journal = {Journal of the Optical Society of America A},
         year = 2010,
        month = nov,
       volume = {27},
       number = {11},
        pages = {A157},
          doi = {10.1364/JOSAA.27.00A157},
       adsurl = {https://ui.adsabs.harvard.edu/abs/2010JOSAA..27A.157S},
      adsnote = {Provided by the SAO/NASA Astrophysics Data System}
}

@ARTICLE{2012ApJ...755L..28S,
       author = {{Soummer}, R{\'e}mi and {Pueyo}, Laurent and {Larkin}, James},
        title = "{Detection and Characterization of Exoplanets and Disks Using Projections on Karhunen-Lo{\`e}ve Eigenimages}",
      journal = {\apjl},
     keywords = {methods: data analysis, techniques: image processing, Astrophysics - Instrumentation and Methods for Astrophysics},
         year = 2012,
        month = aug,
       volume = {755},
       number = {2},
          eid = {L28},
        pages = {L28},
          doi = {10.1088/2041-8205/755/2/L28},
archivePrefix = {arXiv},
       eprint = {1207.4197},
 primaryClass = {astro-ph.IM},
       adsurl = {https://ui.adsabs.harvard.edu/abs/2012ApJ...755L..28S},
      adsnote = {Provided by the SAO/NASA Astrophysics Data System}
}

@ARTICLE{2007ApJ...660..770L,
       author = {{Lafreni{\`e}re}, David and {Marois}, Christian and {Doyon}, Ren{\'e} and {Nadeau}, Daniel and {Artigau}, {\'E}tienne},
        title = "{A New Algorithm for Point-Spread Function Subtraction in High-Contrast Imaging: A Demonstration with Angular Differential Imaging}",
      journal = {\apj},
     keywords = {Instrumentation: Adaptive Optics, Stars: Planetary Systems, Stars: Imaging, Techniques: High Angular Resolution, Techniques: Image Processing, Astrophysics},
         year = 2007,
        month = may,
       volume = {660},
       number = {1},
        pages = {770-780},
          doi = {10.1086/513180},
archivePrefix = {arXiv},
       eprint = {astro-ph/0702697},
 primaryClass = {astro-ph},
       adsurl = {https://ui.adsabs.harvard.edu/abs/2007ApJ...660..770L},
      adsnote = {Provided by the SAO/NASA Astrophysics Data System}
}

@ARTICLE{2013ApJ...767..100C,
       author = {{Codona}, Johanan L. and {Kenworthy}, Matthew},
        title = "{Focal Plane Wavefront Sensing Using Residual Adaptive Optics Speckles}",
      journal = {\apj},
     keywords = {instrumentation: adaptive optics, instrumentation: high angular resolution, instrumentation: miscellaneous, methods: statistical, techniques: interferometric, techniques: miscellaneous, Astrophysics - Instrumentation and Methods for Astrophysics},
         year = 2013,
        month = apr,
       volume = {767},
       number = {2},
          eid = {100},
        pages = {100},
          doi = {10.1088/0004-637X/767/2/100},
archivePrefix = {arXiv},
       eprint = {1303.0527},
 primaryClass = {astro-ph.IM},
       adsurl = {https://ui.adsabs.harvard.edu/abs/2013ApJ...767..100C},
      adsnote = {Provided by the SAO/NASA Astrophysics Data System}
}

@ARTICLE{2013ApJ...767...21F,
       author = {{Frazin}, Richard A.},
        title = "{Utilization of the Wavefront Sensor and Short-exposure Images for Simultaneous Estimation of Quasi-static Aberration and Exoplanet Intensity}",
      journal = {\apj},
     keywords = {instrumentation: adaptive optics, methods: data analysis, planetary systems, techniques: image processing, techniques: interferometric, Astrophysics - Instrumentation and Methods for Astrophysics},
         year = 2013,
        month = apr,
       volume = {767},
       number = {1},
          eid = {21},
        pages = {21},
          doi = {10.1088/0004-637X/767/1/21},
archivePrefix = {arXiv},
       eprint = {1211.4914},
 primaryClass = {astro-ph.IM},
       adsurl = {https://ui.adsabs.harvard.edu/abs/2013ApJ...767...21F},
      adsnote = {Provided by the SAO/NASA Astrophysics Data System}
}

@ARTICLE{2021arXiv210506589R,
       author = {{Rodack}, Alexander T and {Frazin}, Richard A and {Males}, Jared R and {Guyon}, Olivier},
        title = "{Millisecond Exoplanet Imaging, I: Method and Simulation Results}",
      journal = {submitted to JATIS},
     keywords = {Astrophysics - Instrumentation and Methods for Astrophysics},
         year = 2021,
        month = may,
          eid = {arXiv:2105.06589},
        pages = {arXiv:2105.06589},
archivePrefix = {arXiv},
       eprint = {2105.06589},
 primaryClass = {astro-ph.IM},
       adsurl = {https://ui.adsabs.harvard.edu/abs/2021arXiv210506589R},
      adsnote = {Provided by the SAO/NASA Astrophysics Data System}
}

@ARTICLE{2021arXiv210506590F,
       author = {{Frazin}, Richard A and {Rodack}, Alexander T},
        title = "{Millisecond Exoplanet Imaging, II: Regression Equations and Technical Discussion}",
      journal = {submitted to JATIS},
     keywords = {Astrophysics - Instrumentation and Methods for Astrophysics},
         year = 2021,
        month = may,
          eid = {arXiv:2105.06590},
        pages = {arXiv:2105.06590},
archivePrefix = {arXiv},
       eprint = {2105.06590},
 primaryClass = {astro-ph.IM},
       adsurl = {https://ui.adsabs.harvard.edu/abs/2021arXiv210506590F},
      adsnote = {Provided by the SAO/NASA Astrophysics Data System}
}


